
@article{ghc-plugin,
 title={{A Typechecker Plugin for Units of Measure}},
 author = {Gundry, Adam},
 journal = {SIGPLAN Not.},
 volume = 50,
 month = aug,
 year = 2015,
 pages = "11--22",
}

@Book{programming-scala,
  author = 	 "Wampler, Dean and Payne, Alex",
  title = 	 {Programming Scala -- Scalability = Functional Programming + Objects},
  publisher = 	 {O'Reilly Media},
  year = 	 2014,
  isbn = 	 {1-4919-4985-6},
  edition = 	 {2nd},
  month = 	 dec,
}

@book{llvm,
 author = {Lopes, Bruno Cardoso and Auler, Rafael},
 title = {Getting Started with LLVM Core Libraries},
 year = 2014,
 isbn = {1782166920, 9781782166924},
 publisher = {Packt Publishing},
 edition = {1st}
} 

@article{yacc,
  title={{Yacc: a parser generator}},
  author={Johnson, Stephen C and Sethi, Ravi},
  journal={Unix Research System: Papers},
  volume=2,
  pages={347--374},
  year=1990
}

@article{kitlei,
  title={Layout preserving parser for refactoring in {Erlang}},
  author={Kitlei, R\'obert and L\"ovei, L\'aszl\'o and Nagy, Tam\'as and Horv\'ath, Zolt\'an and Kozsik, Tam\'as},
  journal={Acta Electrotechnica et Informatica},
  volume=9,
  number=3,
  year=2009,
  pages={54-63}
}

@inproceedings{erlws10,
  title = {Analysis of Preprocessor Constructs in Erlang},
  author = {Kitlei, R\'obert and Boz\'o, I. and Kozsik, Tam\'as and Tejfel, M\'at\'e and T\'oth, Melinda},
  booktitle = {Proceedings of the 9th ACM SIGPLAN Erlang Workshop},
  address = {Baltimore, USA},
  month = {September},
  year = {2010},
  pages = {45--55}
}


@inproceedings{fsharp,
  title={Detaching and reconstructing the documentary structure of source code},
  author={Attila G\'obi and Andrea Kov\'acs and D\'aniel Lesk\'o and M\'onika M\'esz\'aros},
  booktitle={Proc. 8th Int'l Conf. on Applied Informatics},
  year=2010,
  pages={401-408}
}


@phdthesis{cpreproc,
 author = {Garrido, Alejandra},
 advisor = {Johnson, Ralph},
 title = {Program Refactoring in the Presence of Preprocessor Directives},
 year = {2005},
 isbn = {0-542-44639-1},
 note = {AAI3199001},
 school = {University of Illinois at Urbana-Champaign},
 address = {Champaign, IL, USA},
}

@misc{aosaghc,
 author = {Simon Marlow and Simon Peyton-Jones},
 title = {The Glasgow Haskell Compiler},
 note = {{in The Architecture of Open Source Applications (Volume II: Structure, Scale, and a Few More Fearless Hacks ), http://aosabook.org/en/ghc.html}},
 year = 2012
}

@inproceedings{kept09,
  title={Modeling semantic knowledge in Erlang for refactoring},
  author={Horv{\'a}th, Zolt{\'a}n and L{\"o}vei, L{\'a}szl{\'o} and Kozsik, Tam{\'a}s and Kitlei, R{\'o}bert and T{\'o}th, Melinda and Boz{\'o}, Istv{\'a}n and Kir{\'a}ly, Roland},
  booktitle={Knowledge Engineering: Principles and Techniques, Proceedings of the International Conference on Knowledge Engineering, Principles and Techniques, KEPT, Sp. Issue, Studia Universitatis Babe≈ü-Bolyai, Series Informatica},
  volume={54},
  pages={7--16},
  year={2009}
}

@misc{erlsyntax,
  title = {{Erlang Syntax Tools User's Guide}},
  author = {{Ericsson AB}},
  howpublished = {http://erlang.org/doc/apps/syntax\_tools/users\_guide.html},
  year = {2018}
}

@inproceedings{wrangler,
           month = {January},
          author = {Huiqing Li and Simon Thompson},
       booktitle = {Partial Evaluation and Program Manipulation},
         address = {San Francisco, California, USA},
           title = {Tool Support for Refactoring Functional Programs},
       publisher = {Assoc of Computing Machinery},
         journal = {Partial Evaluation and Program Manipulation},
            year = {2008},
             url = {http://kar.kent.ac.uk/23958/}
	     }


@misc{haskelltools,
  title = {{A GHC based toolset for Haskell programming.}},
  author = {{Haskell-tools Refact}},
  howpublished = {http://haskelltools.org},
  year = {2018}
}

@misc{scalameta,
  title = {{Metaprogramming library for Scala.}},
  author = {{Scalameta}},
  howpublished = {http://scalameta.org},
  year = {2018}
}

@inproceedings{sclit17,
          author = {Art\'ur Po\'or and Tam\'as Kozsik},
         title = {Resugaring: Undo Desugaring in Language Processing Tools},
         address = {Thessaloniki, Greece},
	 publisher = {To appear in the Proceedings of the Symphosium of Computer Languages and Tools},
       year = {2017}
	     }